% Encoding: UTF-8

@InBook{Marin2015,
  author    = {Marín, Beatriz and Salinas, Andrés and Morandé, Juan and Giachetti, Giovanni and de la Vara, Jose Luis},
  booktitle = {Model-Driven Engineering and Software Development},
  date      = {2015},
  title     = {Main Features for MDD Tools: An Exploratory Study},
  doi       = {10.1007/978-3-319-25156-1_12},
  isbn      = {9783319251561},
  pages     = {183--196},
  publisher = {Springer International Publishing},
  issn      = {1865-0937},
}

@InBook{Hailpern2006,
  author       = {Hailpern, B. and Tarr, P.},
  booktitle    = {IBM Systems Journal},
  date         = {2006},
  title        = {Model-driven development: The good, the bad, and the ugly},
  doi          = {https://doi.org/10.1147/sj.453.0451},
  number       = {3},
  pages        = {451--461},
  publisher    = {IBM},
  volume       = {45},
  issn         = {0018-8670},
  journaltitle = {IBM Systems Journal},
}

@InBook{Henkel2010,
  author    = {Henkel, Martin and Stirna, Janis},
  booktitle = {Perspectives in Business Informatics Research},
  date      = {2010},
  title     = {Pondering on the Key Functionality of Model Driven Development Tools: The Case of Mendix},
  doi       = {https://doi.org/10.1007/978-3-642-16101-8_12},
  isbn      = {9783642161018},
  pages     = {146--160},
  publisher = {Springer Berlin Heidelberg},
  issn      = {1865-1356},
}

@InBook{Bucaioni2022,
  author       = {Bucaioni, Alessio and Cicchetti, Antonio and Ciccozzi, Federico},
  date         = {2022-01},
  title        = {Modelling in low-code development: a multi-vocal systematic review},
  doi          = {10.1007/s10270-021-00964-0},
  number       = {5},
  pages        = {1959--1981},
  publisher    = {Springer Science and Business Media LLC},
  volume       = {21},
  issn         = {1619-1374},
  journaltitle = {Software and Systems Modeling},
}

@Thesis{Sido2024,
  author      = {Nourjan Sido and Eksan Ahmed Emon},
  date        = {2024-05-31},
  institution = {Aalborg University, Copenhagen},
  title       = {Low/No Code Development andGenerative AI},
}

@Article{Hermans2023,
  author = {Marc Philip Hermans and Péter Mileff},
  date   = {2023},
  title  = {Short introduction to Mendix},
  doi    = {https://doi.org/10.32968/psaie.2023.3.5},
}

@Online{Oosten2020,
  author       = {Arjo van Oosten},
  date         = {2020-06-11},
  title        = {Achieve New Levels of Business Value with Low Code},
  url          = {https://www.mendix.com/blog/achieve-new-levels-of-business-value-with-low-code/},
  organization = {Mendix},
}

@Online{Yerukala2022,
  author       = {Madhuri Yerukala},
  date         = {2022-10-10},
  title        = {What is Mendix},
  url          = {https://mindmajix.com/mendix-tutorial#benefits},
  organization = {MindMajix},
}

@Article{Sufi_2023,
  author       = {Sufi, Fahim},
  date         = {2023-02-13},
  journaltitle = {Algorithms},
  title        = {Algorithms in Low-Code-No-Code for Research Applications: A Practical Review},
  doi          = {https://doi.org/10.3390/a16020108},
  issn         = {1999-4893},
  number       = {2},
  pages        = {108},
  volume       = {16},
  publisher    = {MDPI AG},
}

@Article{Case_1985,
  author       = {Case, Albert F.},
  date         = {1985-09},
  journaltitle = {ACM SIGMIS Database: the DATABASE for Advances in Information Systems},
  title        = {Computer-aided software engineering (CASE): technology for improving software development productivity},
  doi          = {https://doi.org/10.1145/1040694.1040698},
  issn         = {1532-0936},
  number       = {1},
  pages        = {35--43},
  volume       = {17},
  publisher    = {Association for Computing Machinery (ACM)},
}

@Article{Soley2000,
  author  = {Richard Soley and the OMG Staff Strategy Group},
  date    = {2000-11-27},
  title   = {Model Driven Architecture},
  url     = {https://www.vico.org/aRecursosMDA/MDA_paper3_2.pdf},
  urldate = {2025-03-07},
}

@Article{FigueiraPutresza2021,
  author  = {Yohann Figueira-Putresza},
  date    = {2021-10-13},
  title   = {OutSystems tutorial: Learn low-code development and get your first certificate},
  url     = {https://pretius.com/blog/outsystems-tutorial/},
  urldate = {2025-03-07},
}

@InBook{Krouwel_2022,
  author    = {Krouwel, Marien R. and Op ’t Land, Martin and Proper, Henderik A.},
  booktitle = {The Practice of Enterprise Modeling},
  date      = {2022},
  title     = {Generating Low-Code Applications from Enterprise Ontology},
  doi       = {https://doi.org/10.1007/978-3-031-21488-2_2},
  isbn      = {9783031214882},
  pages     = {18--32},
  publisher = {Springer International Publishing},
  issn      = {1865-1356},
}

@Online{Hugo2024,
  author = {Hugo},
  date   = {2024-02-09},
  title  = {Joget DX 7 Knowledge Base - Process Builder},
  url    = {https://dev.joget.org/community/display/DX7/Process+Builder},
}

@Online{Mendix2025,
  author = {Mendix},
  date   = {2025-02-26},
  title  = {Download Studio Pro},
  url    = {https://marketplace.mendix.com/link/studiopro},
}

@Online{MxTechies,
  author  = {MxTechies},
  title   = {Open and Extensible Solutions},
  url     = {https://www.mxtechies.com/mendix-extensibility},
  urldate = {2025-04-26},
}

@Article{Alamin2021,
  author    = {Alamin, Md Abdullah Al and Malakar, Sanjay and Uddin, Gias and Afroz, Sadia and Haider, Tameem Bin and Iqbal, Anindya},
  date      = {2021},
  title     = {An Empirical Study of Developer Discussions on Low-Code Software Development Challenges},
  doi       = {10.48550/ARXIV.2103.11429},
  copyright = {Creative Commons Attribution 4.0 International},
  keywords  = {Software Engineering (cs.SE), FOS: Computer and information sciences, FOS: Computer and information sciences},
  publisher = {arXiv},
}

@Online{Gadia2025,
  author  = {Sachin Gadia},
  date    = {2025-04-25},
  title   = {Mendix vs OutSystems: Faceoff Between Two Best Low Code Development Platforms},
  url     = {https://www.softude.com/blog/mendix-vs-outsystems-faceoff-between-two-best-low-code-development-platforms},
  urldate = {2025-05-08},
}

@Online{Mendix2025a,
  author = {Mendix},
  date   = {2025},
  title  = {Low-Code Examples and Use Cases},
  url    = {https://www.mendix.com/low-code-guide/low-code-use-cases/},
}

@Online{Zaman2024,
  author = {Sian Zaman},
  date   = {2024-09-01},
  title  = {15 Low-Code Use Cases and Examples (Featuring Mendix)},
  url    = {https://impalaintech.com/blog/low-code-use-cases},
}

@Online{MendixAZL,
  author = {Mendix},
  title  = {A journey through Low-Code and Agile Development with AZL},
  url    = {mendix.com/customer-stories/a-journey-through-low-code-and-agile-development-with-azl/},
}

@Article{Luo2021,
  author    = {Luo, Yajing and Liang, Peng and Wang, Chong and Shahin, Mojtaba and Zhan, Jing},
  date      = {2021},
  title     = {Characteristics and Challenges of Low-Code Development: The Practitioners' Perspective},
  doi       = {10.48550/ARXIV.2107.07482},
  copyright = {Creative Commons Attribution 4.0 International},
  keywords  = {Software Engineering (cs.SE), FOS: Computer and information sciences, FOS: Computer and information sciences},
  publisher = {arXiv},
}

@Comment{jabref-meta: databaseType:biblatex;}
