% Encoding: UTF-8

@Online{Bunce2024,
  author  = {Claire Bunce},
  date    = {2024-05-21},
  title   = {Low-Code vs High-Code: Decoding the Two Development Approaches},
  url     = {https://www.bizagi.com/en/blog/low-code-vs-high-code},
  urldate = {2024-11-15},
}

@Online{Bunce2024a,
  author  = {Claire Bunce},
  date    = {2024-04-02},
  title   = {Low-Code Use Cases: What Can You Build With a Low-Code Platform?},
  url     = {https://www.bizagi.com/en/blog/low-code-use-cases},
  urldate = {2024-11-15},
}

@Online{Malak2024,
  author  = {Haisam Abdel Malak},
  date    = {2024-10-13},
  title   = {9 Low Code Limitations in 2024 to Know About},
  url     = {https://theecmconsultant.com/low-code-limitations/},
  urldate = {2024-11-15},
}

@Online{Vargas2024,
  author  = {Jesus Vargas},
  date    = {2024-11-11},
  editor  = {Cecilia Varela},
  title   = {Capabilities and limitations of no-code/low-code development platforms},
  url     = {https://www.lowcode.agency/blog/capabilities-and-limitations-of-no-code-low-code-development-platforms},
  urldate = {2024-11-15},
}

@Article{Martinez2023,
  author       = {Eder Martinez and Louis Pfister},
  date         = {2023-05-01},
  journaltitle = {Automation in Construction},
  title        = {Benefits and limitations of using low-code development to supportdigitalization in the construction industry},
  doi          = {https://doi.org/10.1016/j.autcon.2023.104909},
}

@Online{Mendix,
  author = {{Mendix}},
  date   = {2023-03-14},
  title  = {Deliver Standout Digital Customer Experiences with Low-Code},
  url    = {https://www.mendix.com/strategies/digital-customer-experiences/},
}

@Online{Ballejos2024,
  author  = {Lauren Ballejos},
  date    = {2024-06-06},
  title   = {High Code vs. Low Code vs. No Code: Navigating the Best Coding Solutions for Your Needs},
  url     = {https://www.ninjaone.com/blog/high-code-vs-low-code-vs-no-code/},
  urldate = {2024-11-15},
}

@Comment{jabref-meta: databaseType:biblatex;}
